<?xml version="1.0" encoding="UTF-8"?><collection xmlns="http://www.loc.gov/MARC21/slim"><record><leader>00463nam--2200133-i-4500</leader><controlfield tag="001">000041266</controlfield><controlfield tag="002">20161230</controlfield><controlfield tag="005">20161230201043</controlfield><controlfield tag="008">060222s1000------------r-----000-0-eng-d</controlfield><datafield ind1=" " ind2=" " tag="080"><subfield code="a">621.039.56(043)</subfield></datafield><datafield ind1=" " ind2=" " tag="100"><subfield code="a">Serbanescu,Dan</subfield></datafield><datafield ind1=" " ind2=" " tag="245"><subfield code="a">Metode de corelare a defectelor provocate de cresteri de temperatura in zona activa a unui reactor nuclear si a sigurantei in functionare a unei centrale nucleare. teza</subfield></datafield><datafield ind1=" " ind2=" " tag="260"><subfield code="a">Bucuresti, Icf, 1987. 198 P</subfield></datafield><datafield ind1=" " ind2=" " tag="852"><subfield code="a">73851</subfield></datafield></record></collection>